<record><leader>00000cas a22000007a 4500</leader><controlfield tag="001">31789172</controlfield><controlfield tag="008">950109d18901931vauwr ne      0    0eng d</controlfield><datafield ind1=" " ind2=" " tag="010"><subfield code="a">sn 94060208 </subfield></datafield><datafield ind1=" " ind2=" " tag="040"><subfield code="a">NVK</subfield><subfield code="b">eng</subfield><subfield code="c">NVK</subfield><subfield code="d">OCLCF</subfield><subfield code="d">OCLCO</subfield></datafield><datafield ind1=" " ind2=" " tag="042"><subfield code="a">msc</subfield></datafield><datafield ind1="0" ind2=" " tag="130"><subfield code="a">Blackstone courier (Blackstone, Va.)</subfield></datafield><datafield ind1="0" ind2="4" tag="245"><subfield code="a">The Blackstone courier.</subfield></datafield><datafield ind1=" " ind2=" " tag="260"><subfield code="a">Blackstone, Va. :</subfield><subfield code="b">S.P. Epes,</subfield><subfield code="c">1890-</subfield></datafield><datafield ind1=" " ind2=" " tag="300"><subfield code="a">v.</subfield></datafield><datafield ind1=" " ind2=" " tag="310"><subfield code="a">Weekly</subfield></datafield><datafield ind1="0" ind2=" " tag="362"><subfield code="a">Vol. 1, no. 1 (Oct. 30, 1890)-</subfield></datafield><datafield ind1="1" ind2=" " tag="362"><subfield code="a">Ceased Jan. 30, 1931.</subfield></datafield><datafield ind1=" " ind2=" " tag="530"><subfield code="a">Available on microfilm from Bell &amp; Howell, Micro Photo Div.</subfield></datafield><datafield ind1=" " ind2="0" tag="651"><subfield code="a">Blackstone (Va.)</subfield><subfield code="v">Newspapers.</subfield></datafield><datafield ind1=" " ind2="7" tag="655"><subfield code="a">Newspapers.</subfield><subfield code="2">fast</subfield><subfield code="0">(OCoLC)fst01423814</subfield></datafield><datafield ind1=" " ind2="7" tag="651"><subfield code="a">Virginia</subfield><subfield code="z">Blackstone.</subfield><subfield code="2">fast</subfield><subfield code="0">(OCoLC)fst01224810</subfield></datafield><datafield ind1=" " ind2=" " tag="752"><subfield code="a">United States</subfield><subfield code="b">Virginia</subfield><subfield code="c">Nottoway</subfield><subfield code="d">Blackstone.</subfield></datafield><datafield ind1="0" ind2="7" tag="785"><subfield code="t">Nottoway record (Crewe, Va. : 1930)</subfield><subfield code="w">(DLC)sn 94060194</subfield></datafield><datafield ind1="0" ind2="7" tag="785"><subfield code="t">Courier record (Blackstone, Va.)</subfield><subfield code="w">(DLC)sn 94060195</subfield></datafield><datafield ind1=" " ind2=" " tag="936"><subfield code="a">Vol. 27, no. 4 (Nov. 5, 1926) LIC</subfield></datafield></record>